<?xml version="1.0" encoding="UTF-8"?><collection xmlns="http://www.loc.gov/MARC21/slim"><record><leader>00368nam--2200133-i-4500</leader><controlfield tag="001">000037377</controlfield><controlfield tag="002">20161230</controlfield><controlfield tag="005">20161230201041</controlfield><controlfield tag="008">060222s1000------------r-----000-0-eng-d</controlfield><datafield ind1=" " ind2=" " tag="100"><subfield code="a">Pillai,K.C./S.A.</subfield></datafield><datafield ind1=" " ind2=" " tag="260"><subfield code="a">Natural Radiation Environment.Proceedings</subfield></datafield><datafield ind1=" " ind2=" " tag="490"><subfield code="a">New Delhi, Wiley Eastern Limited, 1982. Xi + 691p</subfield></datafield><datafield ind1=" " ind2=" " tag="700"><subfield code="a">Vohra, K.G</subfield></datafield><datafield ind1=" " ind2=" " tag="852"><subfield code="a">551.510.71:551.521</subfield></datafield></record></collection>